@inproceedings{DBLP:conf/ijcai/McCreeshPT16,
  author    = {Ciaran McCreesh and
               Patrick Prosser and
               James Trimble},
  title     = {Heuristics and Really Hard Instances for Subgraph Isomorphism Problems},
  booktitle = {Proceedings of the Twenty-Fifth International Joint Conference on
               Artificial Intelligence, {IJCAI} 2016, New York, NY, USA, 9-15 July
               2016},
  pages     = {631--638},
  year      = {2016},
  timestamp = {Fri, 15 Jul 2016 15:58:28 +0200},
  biburl    = {http://dblp.uni-trier.de/rec/bib/conf/ijcai/McCreeshPT16},
  bibsource = {dblp computer science bibliography, http://dblp.org}
}

@proceedings{DBLP:conf/ijcai/2016,
  editor    = {Subbarao Kambhampati},
  title     = {Proceedings of the Twenty-Fifth International Joint Conference on
               Artificial Intelligence, {IJCAI} 2016, New York, NY, USA, 9-15 July
               2016},
  publisher = {{IJCAI/AAAI} Press},
  year      = {2016},
  isbn      = {978-1-57735-770-4},
  timestamp = {Fri, 15 Jul 2016 15:25:58 +0200},
  biburl    = {http://dblp.uni-trier.de/rec/bib/conf/ijcai/2016},
  bibsource = {dblp computer science bibliography, http://dblp.org}
}

@inproceedings{DBLP:conf/lion/KotthoffMS16,
  author    = {Lars Kotthoff and
               Ciaran McCreesh and
               Christine Solnon},
  title     = {Portfolios of Subgraph Isomorphism Algorithms},
  booktitle = {Learning and Intelligent Optimization - 10th International Conference,
               {LION} 10, Ischia, Italy, May 29 - June 1, 2016, Revised Selected
               Papers},
  pages     = {107--122},
  year      = {2016},
  timestamp = {Fri, 26 May 2017 00:49:50 +0200},
  biburl    = {http://dblp.uni-trier.de/rec/bib/conf/lion/KotthoffMS16},
  bibsource = {dblp computer science bibliography, http://dblp.org}
}

@proceedings{DBLP:conf/lion/2016,
  editor    = {Paola Festa and
               Meinolf Sellmann and
               Joaquin Vanschoren},
  title     = {Learning and Intelligent Optimization - 10th International Conference,
               {LION} 10, Ischia, Italy, May 29 - June 1, 2016, Revised Selected
               Papers},
  series    = {Lecture Notes in Computer Science},
  volume    = {10079},
  publisher = {Springer},
  year      = {2016},
  isbn      = {978-3-319-50348-6},
  timestamp = {Fri, 26 May 2017 00:49:50 +0200},
  biburl    = {http://dblp.uni-trier.de/rec/bib/conf/lion/2016},
  bibsource = {dblp computer science bibliography, http://dblp.org}
}

@inproceedings{DBLP:conf/cp/McCreeshP15,
  author    = {Ciaran McCreesh and
               Patrick Prosser},
  title     = {A Parallel, Backjumping Subgraph Isomorphism Algorithm Using Supplemental
               Graphs},
  booktitle = {Principles and Practice of Constraint Programming - 21st International
               Conference, {CP} 2015, Cork, Ireland, August 31 - September 4, 2015,
               Proceedings},
  pages     = {295--312},
  year      = {2015},
  timestamp = {Wed, 17 May 2017 14:24:33 +0200},
  biburl    = {http://dblp.uni-trier.de/rec/bib/conf/cp/McCreeshP15},
  bibsource = {dblp computer science bibliography, http://dblp.org}
}

@proceedings{DBLP:conf/cp/2015,
  editor    = {Gilles Pesant},
  title     = {Principles and Practice of Constraint Programming - 21st International
               Conference, {CP} 2015, Cork, Ireland, August 31 - September 4, 2015,
               Proceedings},
  series    = {Lecture Notes in Computer Science},
  volume    = {9255},
  publisher = {Springer},
  year      = {2015},
  isbn      = {978-3-319-23218-8},
  timestamp = {Wed, 17 May 2017 14:24:32 +0200},
  biburl    = {http://dblp.uni-trier.de/rec/bib/conf/cp/2015},
  bibsource = {dblp computer science bibliography, http://dblp.org}
}

@inproceedings{DBLP:conf/ijcai/LecoutreSTV07,
  author    = {Christophe Lecoutre and
               Lakhdar Sais and
               S{\'{e}}bastien Tabary and
               Vincent Vidal},
  title     = {Nogood Recording from Restarts},
  booktitle = {{IJCAI} 2007, Proceedings of the 20th International Joint Conference
               on Artificial Intelligence, Hyderabad, India, January 6-12, 2007},
  pages     = {131--136},
  year      = {2007},
  timestamp = {Wed, 20 Jul 2016 13:58:40 +0200},
  biburl    = {http://dblp.uni-trier.de/rec/bib/conf/ijcai/LecoutreSTV07},
  bibsource = {dblp computer science bibliography, http://dblp.org}
}

@proceedings{DBLP:conf/ijcai/2007,
  editor    = {Manuela M. Veloso},
  title     = {{IJCAI} 2007, Proceedings of the 20th International Joint Conference
               on Artificial Intelligence, Hyderabad, India, January 6-12, 2007},
  year      = {2007},
  timestamp = {Wed, 20 Jul 2016 13:58:40 +0200},
  biburl    = {http://dblp.uni-trier.de/rec/bib/conf/ijcai/2007},
  bibsource = {dblp computer science bibliography, http://dblp.org}
}

@article{DBLP:journals/jsat/LecoutreSTV07,
  author    = {Christophe Lecoutre and
               Lakhdar Sais and
               S{\'{e}}bastien Tabary and
               Vincent Vidal},
  title     = {Recording and Minimizing Nogoods from Restarts},
  journal   = {{JSAT}},
  volume    = {1},
  number    = {3-4},
  pages     = {147--167},
  year      = {2007},
  timestamp = {Tue, 05 May 2009 14:27:07 +0200},
  biburl    = {http://dblp.uni-trier.de/rec/bib/journals/jsat/LecoutreSTV07},
  bibsource = {dblp computer science bibliography, http://dblp.org}
}

@inproceedings{DBLP:conf/cp/GlorianBLLM17,
  author    = {Gael Glorian and
               Fr{\'{e}}d{\'{e}}ric Boussemart and
               Jean{-}Marie Lagniez and
               Christophe Lecoutre and
               Bertrand Mazure},
  title     = {Combining Nogoods in Restart-Based Search},
  booktitle = {Principles and Practice of Constraint Programming - 23rd International
               Conference, {CP} 2017, Melbourne, VIC, Australia, August 28 - September
               1, 2017, Proceedings},
  pages     = {129--138},
  year      = {2017},
  timestamp = {Wed, 23 Aug 2017 10:15:24 +0200},
  biburl    = {http://dblp.uni-trier.de/rec/bib/conf/cp/GlorianBLLM17},
  bibsource = {dblp computer science bibliography, http://dblp.org}
}

@proceedings{DBLP:conf/cp/2017,
  editor    = {J. Christopher Beck},
  title     = {Principles and Practice of Constraint Programming - 23rd International
               Conference, {CP} 2017, Melbourne, VIC, Australia, August 28 - September
               1, 2017, Proceedings},
  series    = {Lecture Notes in Computer Science},
  volume    = {10416},
  publisher = {Springer},
  year      = {2017},
  isbn      = {978-3-319-66157-5},
  timestamp = {Wed, 23 Aug 2017 10:12:25 +0200},
  biburl    = {http://dblp.uni-trier.de/rec/bib/conf/cp/2017},
  bibsource = {dblp computer science bibliography, http://dblp.org}
}

@inproceedings{DBLP:conf/aaai/LeeSZ16,
  author    = {Jimmy H. M. Lee and
               Christian Schulte and
               Zichen Zhu},
  title     = {Increasing Nogoods in Restart-Based Search},
  booktitle = {Proceedings of the Thirtieth {AAAI} Conference on Artificial Intelligence,
               February 12-17, 2016, Phoenix, Arizona, {USA.}},
  pages     = {3426--3433},
  year      = {2016},
  timestamp = {Wed, 05 Apr 2017 12:53:50 +0200},
  biburl    = {http://dblp.uni-trier.de/rec/bib/conf/aaai/LeeSZ16},
  bibsource = {dblp computer science bibliography, http://dblp.org}
}

@proceedings{DBLP:conf/aaai/2016,
  editor    = {Dale Schuurmans and
               Michael P. Wellman},
  title     = {Proceedings of the Thirtieth {AAAI} Conference on Artificial Intelligence,
               February 12-17, 2016, Phoenix, Arizona, {USA}},
  publisher = {{AAAI} Press},
  year      = {2016},
  isbn      = {978-1-57735-760-5},
  timestamp = {Wed, 05 Apr 2017 12:53:50 +0200},
  biburl    = {http://dblp.uni-trier.de/rec/bib/conf/aaai/2016},
  bibsource = {dblp computer science bibliography, http://dblp.org}
}

@article{DBLP:journals/ipl/LubySZ93,
  author    = {Michael Luby and
               Alistair Sinclair and
               David Zuckerman},
  title     = {Optimal Speedup of {Las Vegas} Algorithms},
  journal   = {Inf. Process. Lett.},
  volume    = {47},
  number    = {4},
  pages     = {173--180},
  year      = {1993},
  timestamp = {Fri, 26 May 2017 22:54:44 +0200},
  biburl    = {http://dblp.uni-trier.de/rec/bib/journals/ipl/LubySZ93},
  bibsource = {dblp computer science bibliography, http://dblp.org}
}


@inproceedings{DBLP:conf/dac/MoskewiczMZZM01,
  author    = {Matthew W. Moskewicz and
               Conor F. Madigan and
               Ying Zhao and
               Lintao Zhang and
               Sharad Malik},
  title     = {Chaff: Engineering an Efficient {SAT} Solver},
  booktitle = {Proceedings of the 38th Design Automation Conference, {DAC} 2001,
               Las Vegas, NV, USA, June 18-22, 2001},
  pages     = {530--535},
  year      = {2001},
  timestamp = {Tue, 15 Nov 2011 16:45:56 +0100},
  biburl    = {http://dblp.org/rec/bib/conf/dac/MoskewiczMZZM01},
  bibsource = {dblp computer science bibliography, http://dblp.org}
}

@proceedings{DBLP:conf/dac/2001,
  title     = {Proceedings of the 38th Design Automation Conference, {DAC} 2001,
               Las Vegas, NV, USA, June 18-22, 2001},
  publisher = {{ACM}},
  year      = {2001},
  isbn      = {1-58113-297-2},
  timestamp = {Tue, 15 Nov 2011 16:45:56 +0100},
  biburl    = {http://dblp.org/rec/bib/conf/dac/2001},
  bibsource = {dblp computer science bibliography, http://dblp.org}
}

@inproceedings{DBLP:conf/ijcai/HarveyG95,
  author    = {William D. Harvey and
               Matthew L. Ginsberg},
  title     = {Limited Discrepancy Search},
  booktitle = {Proceedings of the Fourteenth International Joint Conference on Artificial
               Intelligence, {IJCAI} 95, Montr{\'{e}}al Qu{\'{e}}bec, Canada,
               August 20-25 1995, 2 Volumes},
  pages     = {607--615},
  year      = {1995},
  timestamp = {Tue, 19 Jul 2016 15:06:26 +0200},
  biburl    = {http://dblp.uni-trier.de/rec/bib/conf/ijcai/HarveyG95},
  bibsource = {dblp computer science bibliography, http://dblp.org}
}

@proceedings{DBLP:conf/ijcai/1995,
  title     = {Proceedings of the Fourteenth International Joint Conference on Artificial
               Intelligence, {IJCAI} 95, Montr{\'{e}}al Qu{\'{e}}bec, Canada,
               August 20-25 1995, 2 Volumes},
  publisher = {Morgan Kaufmann},
  year      = {1995},
  timestamp = {Tue, 19 Jul 2016 15:06:26 +0200},
  biburl    = {http://dblp.uni-trier.de/rec/bib/conf/ijcai/1995},
  bibsource = {dblp computer science bibliography, http://dblp.org}
}

@inproceedings{DBLP:conf/aaai/Korf96,
  author    = {Richard E. Korf},
  title     = {Improved Limited Discrepancy Search},
  booktitle = {Proceedings of the Thirteenth National Conference on Artificial Intelligence
               and Eighth Innovative Applications of Artificial Intelligence Conference,
               {AAAI} 96, {IAAI} 96, Portland, Oregon, August 4-8, 1996, Volume 1.},
  pages     = {286--291},
  year      = {1996},
  timestamp = {Tue, 19 Nov 2013 18:10:38 +0100},
  biburl    = {http://dblp.uni-trier.de/rec/bib/conf/aaai/Korf96},
  bibsource = {dblp computer science bibliography, http://dblp.org}
}

@proceedings{DBLP:conf/aaai/1996-1,
  editor    = {William J. Clancey and
               Daniel S. Weld},
  title     = {Proceedings of the Thirteenth National Conference on Artificial Intelligence
               and Eighth Innovative Applications of Artificial Intelligence Conference,
               {AAAI} 96, {IAAI} 96, Portland, Oregon, August 4-8, 1996, Volume 1},
  publisher = {{AAAI} Press / The {MIT} Press},
  year      = {1996},
  isbn      = {0-262-51091-X},
  timestamp = {Tue, 19 Nov 2013 18:10:38 +0100},
  biburl    = {http://dblp.uni-trier.de/rec/bib/conf/aaai/1996-1},
  bibsource = {dblp computer science bibliography, http://dblp.org}
}

@article{DBLP:journals/jea/ProsserU11,
  author    = {Patrick Prosser and
               Chris Unsworth},
  title     = {Limited discrepancy search revisited},
  journal   = {{ACM} Journal of Experimental Algorithmics},
  volume    = {16},
  year      = {2011},
  timestamp = {Fri, 20 Jan 2012 10:53:02 +0100},
  biburl    = {http://dblp.uni-trier.de/rec/bib/journals/jea/ProsserU11},
  bibsource = {dblp computer science bibliography, http://dblp.org}
}

@inproceedings{DBLP:conf/ijcai/Walsh97,
  author    = {Toby Walsh},
  title     = {Depth-bounded Discrepancy Search},
  booktitle = {Proceedings of the Fifteenth International Joint Conference on Artificial
               Intelligence, {IJCAI} 97, Nagoya, Japan, August 23-29, 1997, 2 Volumes},
  pages     = {1388--1395},
  year      = {1997},
  timestamp = {Tue, 19 Jul 2016 15:59:32 +0200},
  biburl    = {http://dblp.uni-trier.de/rec/bib/conf/ijcai/Walsh97},
  bibsource = {dblp computer science bibliography, http://dblp.org}
}

@proceedings{DBLP:conf/ijcai/1997,
  title     = {Proceedings of the Fifteenth International Joint Conference on Artificial
               Intelligence, {IJCAI} 97, Nagoya, Japan, August 23-29, 1997, 2 Volumes},
  publisher = {Morgan Kaufmann},
  year      = {1997},
  timestamp = {Tue, 19 Jul 2016 15:27:03 +0200},
  biburl    = {http://dblp.uni-trier.de/rec/bib/conf/ijcai/1997},
  bibsource = {dblp computer science bibliography, http://dblp.org}
}

@proceedings{DBLP:conf/cpaior/2007,
  editor    = {Pascal Van Hentenryck and
               Laurence A. Wolsey},
  title     = {Integration of {AI} and {OR} Techniques in Constraint Programming
               for Combinatorial Optimization Problems, 4th International Conference,
               {CPAIOR} 2007, Brussels, Belgium, May 23-26, 2007, Proceedings},
  series    = {Lecture Notes in Computer Science},
  volume    = {4510},
  publisher = {Springer},
  year      = {2007},
  isbn      = {978-3-540-72396-7},
  timestamp = {Fri, 02 Jun 2017 13:01:07 +0200},
  biburl    = {http://dblp.uni-trier.de/rec/bib/conf/cpaior/2007},
  bibsource = {dblp computer science bibliography, http://dblp.org}
}

@inproceedings{DBLP:conf/cp/GayHLS15,
  author    = {Steven Gay and
               Renaud Hartert and
               Christophe Lecoutre and
               Pierre Schaus},
  title     = {Conflict Ordering Search for Scheduling Problems},
  booktitle = {Principles and Practice of Constraint Programming - 21st International
               Conference, {CP} 2015, Cork, Ireland, August 31 - September 4, 2015,
               Proceedings},
  pages     = {140--148},
  year      = {2015},
  timestamp = {Wed, 17 May 2017 14:24:33 +0200},
  biburl    = {http://dblp.uni-trier.de/rec/bib/conf/cp/GayHLS15},
  bibsource = {dblp computer science bibliography, http://dblp.org}
}

@inproceedings{DBLP:conf/cp/ChuSS09,
  author    = {Geoffrey Chu and
               Christian Schulte and
               Peter J. Stuckey},
  title     = {Confidence-Based Work Stealing in Parallel Constraint Programming},
  booktitle = {Principles and Practice of Constraint Programming - {CP} 2009, 15th
               International Conference, {CP} 2009, Lisbon, Portugal, September 20-24,
               2009, Proceedings},
  pages     = {226--241},
  year      = {2009},
  timestamp = {Wed, 17 May 2017 14:24:33 +0200},
  biburl    = {http://dblp.uni-trier.de/rec/bib/conf/cp/ChuSS09},
  bibsource = {dblp computer science bibliography, http://dblp.org}
}

@proceedings{DBLP:conf/cp/2009,
  editor    = {Ian P. Gent},
  title     = {Principles and Practice of Constraint Programming - {CP} 2009, 15th
               International Conference, {CP} 2009, Lisbon, Portugal, September 20-24,
               2009, Proceedings},
  series    = {Lecture Notes in Computer Science},
  volume    = {5732},
  publisher = {Springer},
  year      = {2009},
  isbn      = {978-3-642-04243-0},
  timestamp = {Wed, 17 May 2017 14:24:33 +0200},
  biburl    = {http://dblp.uni-trier.de/rec/bib/conf/cp/2009},
  bibsource = {dblp computer science bibliography, http://dblp.org}
}

@inproceedings{DBLP:conf/flairs/RazgonOP07,
  author    = {Margarita Razgon and
               Barry O'Sullivan and
               Gregory M. Provan},
  title     = {Search Ordering Heuristics for Restarts-Based Constraint Solving},
  booktitle = {Proceedings of the Twentieth International Florida Artificial Intelligence
               Research Society Conference, May 7-9, 2007, Key West, Florida, {USA.}},
  pages     = {182--183},
  year      = {2007},
  timestamp = {Thu, 13 Dec 2012 12:01:46 +0100},
  biburl    = {http://dblp.uni-trier.de/rec/bib/conf/flairs/RazgonOP07},
  bibsource = {dblp computer science bibliography, http://dblp.org}
}

@proceedings{DBLP:conf/flairs/2007,
  editor    = {David Wilson and
               Geoff Sutcliffe},
  title     = {Proceedings of the Twentieth International Florida Artificial Intelligence
               Research Society Conference, May 7-9, 2007, Key West, Florida, {USA}},
  publisher = {{AAAI} Press},
  year      = {2007},
  isbn      = {978-1-57735-319-5},
  timestamp = {Mon, 17 Sep 2007 13:52:53 +0200},
  biburl    = {http://dblp.uni-trier.de/rec/bib/conf/flairs/2007},
  bibsource = {dblp computer science bibliography, http://dblp.org}
}

@article{DBLP:journals/cviu/DamiandSHJS11,
  author    = {Guillaume Damiand and
               Christine Solnon and
               Colin de la Higuera and
               Jean{-}Christophe Janodet and
               {\'{E}}milie Samuel},
  title     = {Polynomial algorithms for subisomorphism of nD open combinatorial
               maps},
  journal   = {Computer Vision and Image Understanding},
  volume    = {115},
  number    = {7},
  pages     = {996--1010},
  year      = {2011},
  timestamp = {Sun, 28 May 2017 13:23:20 +0200},
  biburl    = {http://dblp.uni-trier.de/rec/bib/journals/cviu/DamiandSHJS11},
  bibsource = {dblp computer science bibliography, http://dblp.org}
}

@inproceedings{DBLP:conf/aaai/HoffmannMR17,
  author    = {Ruth Hoffmann and
               Ciaran McCreesh and
               Craig Reilly},
  title     = {Between Subgraph Isomorphism and Maximum Common Subgraph},
  booktitle = {Proceedings of the Thirty-First {AAAI} Conference on Artificial Intelligence,
               February 4-9, 2017, San Francisco, California, {USA.}},
  pages     = {3907--3914},
  year      = {2017},
  timestamp = {Mon, 06 Mar 2017 11:36:24 +0100},
  biburl    = {http://dblp.org/rec/bib/conf/aaai/HoffmannMR17},
  bibsource = {dblp computer science bibliography, http://dblp.org}
}

@proceedings{DBLP:conf/aaai/2017,
  editor    = {Satinder P. Singh and
               Shaul Markovitch},
  title     = {Proceedings of the Thirty-First {AAAI} Conference on Artificial Intelligence,
               February 4-9, 2017, San Francisco, California, {USA}},
  publisher = {{AAAI} Press},
  year      = {2017},
  timestamp = {Mon, 06 Mar 2017 08:17:31 +0100},
  biburl    = {http://dblp.org/rec/bib/conf/aaai/2017},
  bibsource = {dblp computer science bibliography, http://dblp.org}
}

@article{DBLP:journals/ai/Solnon10,
  author    = {Christine Solnon},
  title     = {AllDifferent-based filtering for subgraph isomorphism},
  journal   = {Artif. Intell.},
  volume    = {174},
  number    = {12-13},
  pages     = {850--864},
  year      = {2010},
  timestamp = {Sat, 27 May 2017 14:24:41 +0200},
  biburl    = {http://dblp.org/rec/bib/journals/ai/Solnon10},
  bibsource = {dblp computer science bibliography, http://dblp.org}
}

@article{DBLP:journals/pami/CordellaFSV04,
  author    = {Luigi P. Cordella and
               Pasquale Foggia and
               Carlo Sansone and
               Mario Vento},
  title     = {A (Sub)Graph Isomorphism Algorithm for Matching Large Graphs},
  journal   = {{IEEE} Trans. Pattern Anal. Mach. Intell.},
  volume    = {26},
  number    = {10},
  pages     = {1367--1372},
  year      = {2004},
  timestamp = {Thu, 08 Jun 2017 09:06:10 +0200},
  biburl    = {http://dblp.org/rec/bib/journals/pami/CordellaFSV04},
  bibsource = {dblp computer science bibliography, http://dblp.org}
}

@inproceedings{DBLP:conf/ijcai/McCreeshPT17,
  author    = {Ciaran McCreesh and
               Patrick Prosser and
               James Trimble},
  title     = {A Partitioning Algorithm for Maximum Common Subgraph Problems},
  booktitle = {Proceedings of the Twenty-Sixth International Joint Conference on
               Artificial Intelligence, {IJCAI} 2017, Melbourne, Australia, August
               19-25, 2017},
  pages     = {712--719},
  year      = {2017},
  timestamp = {Tue, 15 Aug 2017 14:48:05 +0200},
  biburl    = {http://dblp.org/rec/bib/conf/ijcai/McCreeshPT17},
  bibsource = {dblp computer science bibliography, http://dblp.org}
}

@proceedings{DBLP:conf/ijcai/2017,
  editor    = {Carles Sierra},
  title     = {Proceedings of the Twenty-Sixth International Joint Conference on
               Artificial Intelligence, {IJCAI} 2017, Melbourne, Australia, August
               19-25, 2017},
  publisher = {ijcai.org},
  year      = {2017},
  isbn      = {978-0-9992411-0-3},
  timestamp = {Tue, 15 Aug 2017 13:02:43 +0200},
  biburl    = {http://dblp.org/rec/bib/conf/ijcai/2017},
  bibsource = {dblp computer science bibliography, http://dblp.org}
}

@article{DBLP:journals/constraints/ZampelliDS10,
  author    = {St{\'{e}}phane Zampelli and
               Yves Deville and
               Christine Solnon},
  title     = {Solving subgraph isomorphism problems with constraint programming},
  journal   = {Constraints},
  volume    = {15},
  number    = {3},
  pages     = {327--353},
  year      = {2010},
  timestamp = {Sat, 20 May 2017 00:25:22 +0200},
  biburl    = {http://dblp.org/rec/bib/journals/constraints/ZampelliDS10},
  bibsource = {dblp computer science bibliography, http://dblp.org}
}

@inproceedings{DBLP:conf/lion/HutterHL11,
  author    = {Frank Hutter and
               Holger H. Hoos and
               Kevin Leyton{-}Brown},
  title     = {Sequential Model-Based Optimization for General Algorithm Configuration},
  booktitle = {Learning and Intelligent Optimization - 5th International Conference,
               {LION} 5, Rome, Italy, January 17-21, 2011. Selected Papers},
  pages     = {507--523},
  year      = {2011},
  timestamp = {Thu, 15 Jun 2017 21:40:34 +0200},
  biburl    = {http://dblp.org/rec/bib/conf/lion/HutterHL11},
  bibsource = {dblp computer science bibliography, http://dblp.org}
}

@proceedings{DBLP:conf/lion/2011,
  editor    = {Carlos A. Coello Coello},
  title     = {Learning and Intelligent Optimization - 5th International Conference,
               {LION} 5, Rome, Italy, January 17-21, 2011. Selected Papers},
  series    = {Lecture Notes in Computer Science},
  volume    = {6683},
  publisher = {Springer},
  year      = {2011},
  isbn      = {978-3-642-25565-6},
  timestamp = {Fri, 26 May 2017 00:49:50 +0200},
  biburl    = {http://dblp.org/rec/bib/conf/lion/2011},
  bibsource = {dblp computer science bibliography, http://dblp.org}
}

@inproceedings{DBLP:conf/aaai/GomesSK98,
  author    = {Carla P. Gomes and
               Bart Selman and
               Henry A. Kautz},
  title     = {Boosting Combinatorial Search Through Randomization},
  booktitle = {Proceedings of the Fifteenth National Conference on Artificial Intelligence
               and Tenth Innovative Applications of Artificial Intelligence Conference,
               {AAAI} 98, {IAAI} 98, July 26-30, 1998, Madison, Wisconsin, {USA.}},
  pages     = {431--437},
  year      = {1998},
  timestamp = {Tue, 11 Dec 2012 12:57:21 +0100},
  biburl    = {https://dblp.org/rec/bib/conf/aaai/GomesSK98},
  bibsource = {dblp computer science bibliography, https://dblp.org}
}

@proceedings{DBLP:conf/aaai/1998,
  editor    = {Jack Mostow and
               Chuck Rich},
  title     = {Proceedings of the Fifteenth National Conference on Artificial Intelligence
               and Tenth Innovative Applications of Artificial Intelligence Conference,
               {AAAI} 98, {IAAI} 98, July 26-30, 1998, Madison, Wisconsin, {USA}},
  publisher = {{AAAI} Press / The {MIT} Press},
  year      = {1998},
  isbn      = {0-262-51098-7},
  timestamp = {Thu, 01 Dec 2011 17:16:20 +0100},
  biburl    = {https://dblp.org/rec/bib/conf/aaai/1998},
  bibsource = {dblp computer science bibliography, https://dblp.org}
}

@article{DBLP:journals/jair/McCreeshPST18,
  author    = {Ciaran McCreesh and
               Patrick Prosser and
               Christine Solnon and
               James Trimble},
  title     = {When Subgraph Isomorphism is Really Hard, and Why This Matters for
               Graph Databases},
  journal   = {J. Artif. Intell. Res.},
  volume    = {61},
  pages     = {723--759},
  year      = {2018},
  timestamp = {Wed, 11 Apr 2018 14:30:26 +0200},
  biburl    = {https://dblp.org/rec/bib/journals/jair/McCreeshPST18},
  bibsource = {dblp computer science bibliography, https://dblp.org}
}

@article{DBLP:journals/mscs/LarrosaV02,
  author    = {Javier Larrosa and
               Gabriel Valiente},
  title     = {Constraint Satisfaction Algorithms for Graph Pattern Matching},
  journal   = {Mathematical Structures in Computer Science},
  volume    = {12},
  number    = {4},
  pages     = {403--422},
  year      = {2002},
  timestamp = {Fri, 10 Jun 2011 14:42:28 +0200},
  biburl    = {http://dblp.uni-trier.de/rec/bib/journals/mscs/LarrosaV02},
  bibsource = {dblp computer science bibliography, http://dblp.org}
}

@article{DBLP:journals/pr/SolnonDHJ15,
  author    = {Christine Solnon and
               Guillaume Damiand and
               Colin de la Higuera and
               Jean{-}Christophe Janodet},
  title     = {On the complexity of submap isomorphism and maximum common submap
               problems},
  journal   = {Pattern Recognition},
  volume    = {48},
  number    = {2},
  pages     = {302--316},
  year      = {2015},
  timestamp = {Tue, 16 Dec 2014 14:47:16 +0100},
  biburl    = {http://dblp.uni-trier.de/rec/bib/journals/pr/SolnonDHJ15},
  bibsource = {dblp computer science bibliography, http://dblp.org}
}

@article{DBLP:journals/ai/HaralickE80,
  author    = {Robert M. Haralick and
               Gordon L. Elliott},
  title     = {Increasing Tree Search Efficiency for Constraint Satisfaction Problems},
  journal   = {Artif. Intell.},
  volume    = {14},
  number    = {3},
  pages     = {263--313},
  year      = {1980},
  timestamp = {Thu, 30 Jun 2011 16:00:08 +0200},
  biburl    = {http://dblp.uni-trier.de/rec/bib/journals/ai/HaralickE80},
  bibsource = {dblp computer science bibliography, http://dblp.org}
}

@article{DBLP:journals/bmcbi/BonniciGPSF13,
  author    = {Vincenzo Bonnici and
               Rosalba Giugno and
               Alfredo Pulvirenti and
               Dennis E. Shasha and
               Alfredo Ferro},
  title     = {A subgraph isomorphism algorithm and its application to biochemical
               data},
  journal   = {{BMC} Bioinformatics},
  volume    = {14},
  number    = {{S-7}},
  pages     = {S13},
  year      = {2013},
  timestamp = {Mon, 05 Jun 2017 20:46:48 +0200},
  biburl    = {https://dblp.org/rec/bib/journals/bmcbi/BonniciGPSF13},
  bibsource = {dblp computer science bibliography, https://dblp.org}
}

@inproceedings{DBLP:conf/gbrpr/CarlettiFSV17,
  author    = {Vincenzo Carletti and
               Pasquale Foggia and
               Alessia Saggese and
               Mario Vento},
  title     = {Introducing {VF3:} {A} New Algorithm for Subgraph Isomorphism},
  booktitle = {Graph-Based Representations in Pattern Recognition - 11th {IAPR-TC-15}
               International Workshop, GbRPR 2017, Anacapri, Italy, May 16-18, 2017,
               Proceedings},
  pages     = {128--139},
  year      = {2017},
  timestamp = {Thu, 15 Jun 2017 21:38:39 +0200},
  biburl    = {https://dblp.org/rec/bib/conf/gbrpr/CarlettiFSV17},
  bibsource = {dblp computer science bibliography, https://dblp.org}
}

@inproceedings{DBLP:conf/cpaior/KarouiHLN07,
  author    = {Wafa Karoui and
               Marie{-}Jos{\'{e}} Huguet and
               Pierre Lopez and
               Wady Naanaa},
  title     = {{YIELDS:} {A} Yet Improved Limited Discrepancy Search for CSPs},
  booktitle = {Integration of {AI} and {OR} Techniques in Constraint Programming
               for Combinatorial Optimization Problems, 4th International Conference,
               {CPAIOR} 2007, Brussels, Belgium, May 23-26, 2007, Proceedings},
  pages     = {99--111},
  year      = {2007},
  timestamp = {Fri, 02 Jun 2017 13:01:07 +0200},
  biburl    = {https://dblp.org/rec/bib/conf/cpaior/KarouiHLN07},
  bibsource = {dblp computer science bibliography, https://dblp.org}
}

@inproceedings{DBLP:conf/ecai/Geelen92,
  author    = {P. A. Geelen},
  title     = {Dual Viewpoint Heuristics for Binary Constraint Satisfaction Problems},
  booktitle = {{ECAI}},
  pages     = {31--35},
  year      = {1992},
  timestamp = {Thu, 03 Jan 2002 11:56:54 +0100},
  biburl    = {https://dblp.org/rec/bib/conf/ecai/Geelen92},
  bibsource = {dblp computer science bibliography, https://dblp.org}
}

@inproceedings{DBLP:conf/aaai/GentMPW96,
  author    = {Ian P. Gent and
               Ewan MacIntyre and
               Patrick Prosser and
               Toby Walsh},
  title     = {The Constrainedness of Search},
  booktitle = {Proceedings of the Thirteenth National Conference on Artificial Intelligence
               and Eighth Innovative Applications of Artificial Intelligence Conference,
               {AAAI} 96, {IAAI} 96, Portland, Oregon, USA, August 4-8, 1996, Volume
               1.},
  pages     = {246--252},
  year      = {1996},
  timestamp = {Tue, 19 Jun 2018 18:21:26 +0200},
  biburl    = {https://dblp.org/rec/bib/conf/aaai/GentMPW96},
  bibsource = {dblp computer science bibliography, https://dblp.org}
}

@article{DBLP:journals/jair/PesantQZ12,
  author    = {Gilles Pesant and
               Claude{-}Guy Quimper and
               Alessandro Zanarini},
  title     = {Counting-Based Search: Branching Heuristics for Constraint Satisfaction
               Problems},
  journal   = {J. Artif. Intell. Res.},
  volume    = {43},
  pages     = {173--210},
  year      = {2012},
  doi       = {10.1613/jair.3463},
  timestamp = {Wed, 21 Jun 2017 14:58:52 +0200},
  biburl    = {https://dblp.org/rec/bib/journals/jair/PesantQZ12},
  bibsource = {dblp computer science bibliography, https://dblp.org}
}

@article{DBLP:journals/corr/abs-1008-4328,
  author    = {Lars Kotthoff and
               Neil C. A. Moore},
  title     = {Distributed solving through model splitting},
  journal   = {CoRR},
  volume    = {abs/1008.4328},
  year      = {2010},
  archivePrefix = {arXiv},
  eprint    = {1008.4328},
  timestamp = {Mon, 13 Aug 2018 16:46:26 +0200},
  biburl    = {https://dblp.org/rec/bib/journals/corr/abs-1008-4328},
  bibsource = {dblp computer science bibliography, https://dblp.org}
}

@article{DBLP:journals/jair/MalapertRR16,
  author    = {Arnaud Malapert and
               Jean{-}Charles R{\'{e}}gin and
               Mohamed Rezgui},
  title     = {Embarrassingly Parallel Search in Constraint Programming},
  journal   = {J. Artif. Intell. Res.},
  volume    = {57},
  pages     = {421--464},
  year      = {2016},
  doi       = {10.1613/jair.5247},
  timestamp = {Wed, 21 Jun 2017 14:58:52 +0200},
  biburl    = {https://dblp.org/rec/bib/journals/jair/MalapertRR16},
  bibsource = {dblp computer science bibliography, https://dblp.org}
}

@inproceedings{DBLP:conf/cp/MoisanGQ13,
  author    = {Thierry Moisan and
               Jonathan Gaudreault and
               Claude{-}Guy Quimper},
  title     = {Parallel Discrepancy-Based Search},
  booktitle = {Principles and Practice of Constraint Programming - 19th International
               Conference, {CP} 2013, Uppsala, Sweden, September 16-20, 2013. Proceedings},
  pages     = {30--46},
  year      = {2013},
  doi       = {10.1007/978-3-642-40627-0\_6},
  timestamp = {Tue, 26 Dec 2017 15:02:23 +0100},
  biburl    = {https://dblp.org/rec/bib/conf/cp/MoisanGQ13},
  bibsource = {dblp computer science bibliography, https://dblp.org}
}

@inproceedings{DBLP:conf/cpaior/MoisanQG14,
  author    = {Thierry Moisan and
               Claude{-}Guy Quimper and
               Jonathan Gaudreault},
  title     = {Parallel Depth-Bounded Discrepancy Search},
  booktitle = {Integration of {AI} and {OR} Techniques in Constraint Programming
               - 11th International Conference, {CPAIOR} 2014, Cork, Ireland, May
               19-23, 2014. Proceedings},
  pages     = {377--393},
  year      = {2014},
  doi       = {10.1007/978-3-319-07046-9\_27},
  timestamp = {Wed, 17 May 2017 14:24:39 +0200},
  biburl    = {https://dblp.org/rec/bib/conf/cpaior/MoisanQG14},
  bibsource = {dblp computer science bibliography, https://dblp.org}
}

@inproceedings{DBLP:conf/cp/MichelSH07,
  author    = {Laurent Michel and
               Andrew See and
               Pascal Van Hentenryck},
  title     = {Parallelizing Constraint Programs Transparently},
  booktitle = {Principles and Practice of Constraint Programming - {CP} 2007, 13th
               International Conference, {CP} 2007, Providence, RI, USA, September
               23-27, 2007, Proceedings},
  pages     = {514--528},
  year      = {2007},
  doi       = {10.1007/978-3-540-74970-7\_37},
  timestamp = {Fri, 02 Jun 2017 13:01:07 +0200},
  biburl    = {https://dblp.org/rec/bib/conf/cp/MichelSH07},
  bibsource = {dblp computer science bibliography, https://dblp.org}
}

@inproceedings{DBLP:conf/cpaior/HoffmannMNPRS018,
  author    = {Ruth Hoffmann and
               Ciaran McCreesh and
               Samba Ndojh Ndiaye and
               Patrick Prosser and
               Craig Reilly and
               Christine Solnon and
               James Trimble},
  title     = {Observations from Parallelising Three Maximum Common (Connected) Subgraph
               Algorithms},
  booktitle = {Integration of Constraint Programming, Artificial Intelligence, and
               Operations Research - 15th International Conference, {CPAIOR} 2018,
               Delft, The Netherlands, June 26-29, 2018, Proceedings},
  pages     = {298--315},
  year      = {2018},
  doi       = {10.1007/978-3-319-93031-2\_22},
  timestamp = {Fri, 02 Nov 2018 09:49:08 +0100},
  biburl    = {https://dblp.org/rec/bib/conf/cpaior/HoffmannMNPRS018},
  bibsource = {dblp computer science bibliography, https://dblp.org}
}

@inproceedings{DBLP:conf/lion/LindauerHH15,
  author    = {Marius Thomas Lindauer and
               Holger H. Hoos and
               Frank Hutter},
  title     = {From Sequential Algorithm Selection to Parallel Portfolio Selection},
  booktitle = {Learning and Intelligent Optimization - 9th International Conference,
               {LION} 9, Lille, France, January 12-15, 2015. Revised Selected Papers},
  pages     = {1--16},
  year      = {2015},
  doi       = {10.1007/978-3-319-19084-6\_1},
  timestamp = {Wed, 14 Nov 2018 10:51:46 +0100},
  biburl    = {https://dblp.org/rec/bib/conf/lion/LindauerHH15},
  bibsource = {dblp computer science bibliography, https://dblp.org}
}

@article{DBLP:journals/topc/McCreeshP15,
  author    = {Ciaran McCreesh and
               Patrick Prosser},
  title     = {The Shape of the Search Tree for the Maximum Clique Problem and the
               Implications for Parallel Branch and Bound},
  journal   = {{TOPC}},
  volume    = {2},
  number    = {1},
  pages     = {8:1--8:27},
  year      = {2015},
  doi       = {10.1145/2742359},
  timestamp = {Tue, 06 Nov 2018 12:51:07 +0100},
  biburl    = {https://dblp.org/rec/bib/journals/topc/McCreeshP15},
  bibsource = {dblp computer science bibliography, https://dblp.org}
}

@inproceedings{DBLP:conf/aaai/CireKS14,
  author    = {Andr{\'{e}} A. Cir{\'{e}} and
               Serdar Kadioglu and
               Meinolf Sellmann},
  title     = {Parallel Restarted Search},
  booktitle = {Proceedings of the Twenty-Eighth {AAAI} Conference on Artificial Intelligence,
               July 27 -31, 2014, Qu{\'{e}}bec City, Qu{\'{e}}bec, Canada.},
  pages     = {842--848},
  year      = {2014},
  timestamp = {Thu, 31 Jul 2014 09:00:19 +0200},
  biburl    = {https://dblp.org/rec/bib/conf/aaai/CireKS14},
  bibsource = {dblp computer science bibliography, https://dblp.org}
}

@article{DBLP:journals/siamrev/VomelLBF17,
  author    = {Christof V{\"{o}}mel and
               Flavio de Lorenzi and
               Samuel Beer and
               Erwin Fuchs},
  title     = {The Secret Life of Keys: On the Calculation of Mechanical Lock Systems},
  journal   = {{SIAM} Review},
  volume    = {59},
  number    = {2},
  pages     = {393--422},
  year      = {2017},
  doi       = {10.1137/15M1030054},
  timestamp = {Fri, 02 Jun 2017 13:52:39 +0200},
  biburl    = {https://dblp.org/rec/bib/journals/siamrev/VomelLBF17},
  bibsource = {dblp computer science bibliography, https://dblp.org}
}

@phdthesis{o:Regin95,
    title={D{\'e}veloppement d'outils algorithmiques pour l'Intelligence Artificielle. Application {\`a} la chimie organique},
    author={R{\'e}gin, Jean{-}Charles},
    school={Universit{\'e} Montpellier 2},
    year={1995},
    language={French}
}

@inproceedings{DBLP:conf/cp/BlindellLCS15,
  author    = {Gabriel Hjort Blindell and
               Roberto Casta{\~{n}}eda Lozano and
               Mats Carlsson and
               Christian Schulte},
  title     = {Modeling Universal Instruction Selection},
  booktitle = {Principles and Practice of Constraint Programming - 21st International
               Conference, {CP} 2015, Cork, Ireland, August 31 - September 4, 2015,
               Proceedings},
  pages     = {609--626},
  year      = {2015},
  doi       = {10.1007/978-3-319-23219-5\_42},
  timestamp = {Thu, 13 Aug 2015 15:29:28 +0200},
  biburl    = {http://dblp.uni-trier.de/rec/bib/conf/cp/BlindellLCS15},
  bibsource = {dblp computer science bibliography, http://dblp.org}
}

@article{o:DallaPredaV17,
    title = "Abstract Similarity Analysis ",
    journal = "Electronic Notes in Theoretical Computer Science ",
    volume = "331",
    pages = "87 - 99",
    year = "2017",
    note = "Proceedings of the Sixth Workshop on Numerical and Symbolic Abstract Domains (NSAD 2016) ",
    issn = "1571-0661",
    doi = "10.1016/j.entcs.2017.02.006",
    author = "Dalla Preda, Mila and Vanessa Vidali"
}

@article{DBLP:journals/cacm/CoffmanGM04,
  author    = {Thayne Coffman and
               Seth Greenblatt and
               Sherry Marcus},
  title     = {Graph-based technologies for intelligence analysis},
  journal   = {Commun. {ACM}},
  volume    = {47},
  number    = {3},
  pages     = {45--47},
  year      = {2004},
  doi       = {10.1145/971617.971643},
  timestamp = {Thu, 09 Feb 2006 13:19:49 +0100},
  biburl    = {http://dblp.uni-trier.de/rec/bib/journals/cacm/CoffmanGM04},
  bibsource = {dblp computer science bibliography, http://dblp.org}
}

@article{DBLP:journals/tcs/SevegnaniC15,
  author    = {Michele Sevegnani and
               Muffy Calder},
  title     = {Bigraphs with sharing},
  journal   = {Theor. Comput. Sci.},
  volume    = {577},
  pages     = {43--73},
  year      = {2015},
  doi       = {10.1016/j.tcs.2015.02.011},
  timestamp = {Sat, 21 Mar 2015 13:52:51 +0100},
  biburl    = {http://dblp.uni-trier.de/rec/bib/journals/tcs/SevegnaniC15},
  bibsource = {dblp computer science bibliography, http://dblp.org}
}

@inproceedings{DBLP:conf/dimva/BruschiMM06,
  author    = {Danilo Bruschi and
               Lorenzo Martignoni and
               Mattia Monga},
  title     = {Detecting Self-mutating Malware Using Control-Flow Graph Matching},
  booktitle = {Detection of Intrusions and Malware {\&} Vulnerability Assessment,
               Third International Conference, {DIMVA} 2006, Berlin, Germany, July
               13-14, 2006, Proceedings},
  pages     = {129--143},
  year      = {2006},
  doi       = {10.1007/11790754\_8},
  timestamp = {Wed, 03 Jan 2007 15:51:27 +0100},
  biburl    = {http://dblp.dagstuhl.de/rec/bib/conf/dimva/BruschiMM06},
  bibsource = {dblp computer science bibliography, http://dblp.org}
}

@inproceedings{DBLP:conf/cgo/MurrayF12,
  author    = {Alastair Colin Murray and
               Bj{\"{o}}rn Franke},
  title     = {Compiling for automatically generated instruction set extensions},
  booktitle = {10th Annual {IEEE/ACM} International Symposium on Code Generation
               and Optimization, {CGO} 2012, San Jose, CA, USA, March 31 - April
               04, 2012},
  pages     = {13--22},
  year      = {2012},
  doi       = {10.1145/2259016.2259019},
  timestamp = {Mon, 14 Mar 2016 15:55:08 +0100},
  biburl    = {http://dblp.uni-trier.de/rec/bib/conf/cgo/MurrayF12},
  bibsource = {dblp computer science bibliography, http://dblp.org}
}

@article{DBLP:journals/ijprai/FoggiaPV14,
  author    = {Pasquale Foggia and
               Gennaro Percannella and
               Mario Vento},
  title     = {Graph Matching and Learning in Pattern Recognition in the Last 10
               Years},
  journal   = {{IJPRAI}},
  volume    = {28},
  number    = {1},
  year      = {2014},
  doi       = {10.1142/S0218001414500013},
  timestamp = {Fri, 04 Apr 2014 14:47:04 +0200},
  biburl    = {http://dblp.uni-trier.de/rec/bib/journals/ijprai/FoggiaPV14},
  bibsource = {dblp computer science bibliography, http://dblp.org}
}

